@inproceedings{yuan2011driving,
  title={Driving with knowledge from the physical world},
  author={Yuan, Jing and Zheng, Yu and Xie, Xing and Sun, Guangzhong},
  booktitle={Proceedings of the 17th ACM SIGKDD international conference on Knowledge discovery and data mining},
  pages={316--324},
  year={2011},
  organization={ACM}
}
@inproceedings{yuan2010t,
  title={T-drive: driving directions based on taxi trajectories},
  author={Yuan, Jing and Zheng, Yu and Zhang, Chengyang and Xie, Wenlei and Xie, Xing and Sun, Guangzhong and Huang, Yan},
  booktitle={Proceedings of the 18th SIGSPATIAL International conference on advances in geographic information systems},
  pages={99--108},
  year={2010},
  organization={ACM}
}



@inproceedings{fse17,
author={Tsigkanos, Christos and Kehrer, Timo and Ghezzi, Carlo},
  title     = {Modeling and Verification of Evolving Cyber-Physical Spaces},
  booktitle = {ACM SIGSOFT Symposium on the Foundations of Software Engineering},
  year      = 2017,
  pages     = {38-48},
  OPTpublisher = {ACM}

}

@incollection{ciancia2014specifying,
  title={Specifying and verifying properties of space},
  author={Ciancia, Vincenzo and Latella, Diego and Loreti, Michele and Massink, Mieke},
  booktitle={Theoretical Computer Science},
  pages={222--235},
  year={2014},
  publisher={Springer}
}